
@article{InPar2012,
author = {Mudalige, GR and Giles, MB and Reguly, I and Bertolli, C and Kelly, 
PHJ},
journal = {2012 Innovative Parallel Computing, InPar 2012},
title = {OP2: An active library framework for solving unstructured mesh-based 
applications on multi-core and many-core architectures},
url = {http://dx.doi.org/10.1109/InPar.2012.6339594},
year = {2012},
doi = {10.1109/InPar.2012.6339594},
}

@inproceedings{RodiniaCFD2009,
author={A. Corrigan and F. Camelli and R.L\"ohner and 
John Wallin},
title={Running Unstructured Grid CFD Solvers on Modern Graphics Hardware},
booktitle = {19th AIAA Computational Fluid Dynamics Conference},
month ={June},
number={AIAA 2009-4001},
year = {2009}
}

@Misc{rodinia,
 title = {{Rodinia: Accelerating Compute-Intensive Applications with 
Accelerators }},
 year =  {accessed 2019},
 note = {\url{https://rodinia.cs.virginia.edu/}}
}

@article{Owenson2019,
author = {A.M.B. Owenson and S.A. Wright and R.A. Bunt and Y.K. Ho and 
M.J. Street and S.A. Jarvis },
journal = {Concurrency Computat: Pract Exper},
title = {{An Unstructured CFD Mini-Application for the Performance Prediction 
of a Production CFD Code}},
url = {https://doi.org/10.1002/cpe.5443},
year = {2019},
doi = {10.1002/cpe.5443}
}

@Misc{mgcfd-op2,
 title = {{MG-CFD-OP2 GitHub Repository}},
 year =  {accessed 2019},
 note = {\url{https://github.com/warwick-hpsc/MG-CFD-app-OP2}}
}

@Misc{op2repo,
 title = {{OP2} GitHub Repository},
 year =  {accessed 2019},
 note = {\url{https://github.com/OP-DSL/OP2-Common}}
}


@INPROCEEDINGS{OP2-Clang-Balogh2019, 
author={G.D. {Balogh} and G.R. {Mudalige} and I.Z. {Reguly} and S.F. {Antao} 
and C. {Bertolli}}, 
booktitle={2018 IEEE/ACM 5th Workshop on the LLVM Compiler Infrastructure in HPC 
(LLVM-HPC)}, 
title={OP2-Clang: A Source-to-Source Translator Using Clang/LLVM LibTooling}, 
year={2018},
pages={59-70}, 
doi={10.1109/LLVM-HPC.2018.8639205}, 
month={Nov}
}


@inproceedings{Mudalige2016,
 author = {Mudalige, G.R. and Reguly, I.Z. and Giles, M.B.},
 title = {Auto-vectorizing a Large-scale Production Unstructured-mesh CFD 
Application},
 booktitle = {Proceedings of the 3rd Workshop on Programming Models for 
SIMD/Vector Processing},
 series = {WPMVP '16},
 year = {2016},
 isbn = {978-1-4503-4060-1},
 location = {Barcelona, Spain},
 pages = {5:1--5:8},
 articleno = {5},
 numpages = {8},
 url = {http://doi.acm.org/10.1145/2870650.2870651},
 doi = {10.1145/2870650.2870651},
 acmid = {2870651},
 publisher = {ACM},
 address = {New York, NY, USA}
} 


@article{Sulyok2019,
author = {A.A. Sulyok and G.D. Balogh and I.Z. Reguly and G.R. Mudalige,},
journal = {Journal of Parallel and 
Distributed Computing.},
title = {{Locality Optimized Unstructured Mesh Algorithms on GPUs}},
year = {(in Press) 2019},
}


@techreport{LULESH:spec,
title = {{H}ydrodynamics {C}hallenge {P}roblem, {L}awrence {L}ivermore 
{N}ational {L}aboratory},
number = {LLNL-TR-490254},
location = {Livermore, CA},
pages = {1-17}
}

@ARTICLE{Patterson2010, 
author={D. {Patterson}}, 
journal={IEEE Spectrum}, 
title={The Trouble with Multi-Core}, 
year={2010}, 
volume={47}, 
number={7}, 
pages={28-32, 53}, 
doi={10.1109/MSPEC.2010.5491011}, 
ISSN={0018-9235}, 
month={July}}


@Misc{Colella2004,
 author = {P. Colella},
 title = {{Defining Software Requirements for Scientific Computing}},
 year =  {2004},
 note = {(Presentation)}
}

@Misc{OneAPI2019,
 title = {{Intel’s ‘One API’ Project Delivers Unified Programming Model Across 
Diverse Architectures}},
 year =  {2019},
 month = {June},
 note = 
{\url{
https://newsroom.intel.com/news/intels-one-api-project-delivers-unified-programm
ing-model-across-diverse-architectures/}}
}

@Misc{SYCL2019,
 title = {{C++ Single-source Heterogeneous Programming for OpenCL}},
 year =  {accessed 2019},
 note = {\url{https://www.khronos.org/sycl/}}
}


@Misc{GW4,
 title = {{Isambard User Documentation}},
 year =  {accessed 2019},
 note = {\url{https://gw4-isambard.github.io/docs/user-guide/phase2.htm}}
}

@Misc{XeonSilver4116TDP,
 title = {{Intel Xeon Processor Silver 4116 @ 2.10GHz
(Skylake)}}, 
 year =  {Accesed Jan 2018},
 note = 
{\url{
https://ark.intel.com/products/120481/Intel-Xeon-Silver-4116-Processor-16-5M-Cac
he-2-10-GHz-}}
}

@Misc{XeonE52660TDP,
 title = {{Intel Xeon Processor -E5-2660-v4 @ 2.0GHz (Broadwell)}}, 
 year =  {Accesed Jan 2019},
 note = 
{\url{
https://ark.intel.com/products/91772/Intel-Xeon-Processor-E5-2660-v4-35M-Cache-2
-00-GHz-}}
}

@Misc{P100TDP,
 title = {{NVIDIA Tesla P100 GPU}},
 year =  {Accessed Sept 2020},
 note = 
{\url{
https://www.nvidia.com/en-gb/data-center/tesla-p100/
}}
}

@Misc{V100TDP,
 title = {{NVIDIA Tesla V100 GPU}},
 year =  {Accessed Aug 2020},
 note = 
{\url{
https://www.nvidia.com/en-gb/data-center/v100/
}}
}

@Misc{RadeonVIIspec,
 title = {{AMD Radeon™ VII Graphics Card}},
 year =  {Accessed Sept 2020},
 note = 
{\url{
https://www.amd.com/en/products/graphics/amd-radeon-vii
}}
}

@inproceedings{lo2014roofline,
  title={Roofline model toolkit: A practical tool for architectural and program analysis},
  author={Lo, Yu Jung and Williams, Samuel and Van Straalen, Brian and Ligocki, Terry J and Cordery, Matthew J and Wright, Nicholas J and Hall, Mary W and Oliker, Leonid},
  booktitle={International Workshop on Performance Modeling, Benchmarking and Simulation of High Performance Computer Systems},
  pages={129--148},
  year={2014},
  organization={Springer}
}



@Misc{intel-sycl,
 title = {{Intel OneAPI}},
 year =  {Accessed Dec 2020},
 note = 
{\url{
https://software.intel.com/content/www/us/en/develop/tools/oneapi.html
}}
}

@article{rotor37,
  title={Lessons from rotor 37},
  author={Denton, JD},
  journal={Journal of Thermal Science},
  volume={6},
  number={1},
  pages={1--13},
  year={1997},
  publisher={Springer}
}

@inproceedings{RodiniaCFD2009,
  title={Running unstructured grid CFD solvers on modern graphics hardware},
  author={Corrigan, Andrew and Camelli, Fernando and L{\"o}hner, Rainald and Wallin, John},
  booktitle={19th AIAA Computational Fluid Dynamics Conference, number AIAA},
  volume={4001},
  year={2009}
}

@inproceedings{hipsycl, author = {Alpay, Aksel and Heuveline, Vincent}, title = {SYCL beyond OpenCL: The Architecture, Current State and Future Direction of HipSYCL}, year = {2020}, isbn = {9781450375313}, publisher = {Association for Computing Machinery}, address = {New York, NY, USA}, url = {https://doi.org/10.1145/3388333.3388658}, doi = {10.1145/3388333.3388658}, booktitle = {Proceedings of the International Workshop on OpenCL}, articleno = {8},

@Misc{intel-sycl,
 title = {{Intel Sycl}},
 year =  {Accessed Feb 2020},
 note = 
{\url{
https://github.com/intel/llvm/tree/sycl
}}
}

@Misc{hip,
 title = {{HIP}},
 year =  {Accessed Feb 2020},
 note = 
{\url{
https://gpuopen.com/compute-product/hip-convert-cuda-to-portable-c-code/
}}
}


@inproceedings{Marta2016,
author = {Chinnici, Marta},
year = {2016},
month = {10},
pages = {},
title = {2016 20th International Conference on System Theory, Control and Computing (ICSTCC)- ISBN 978-1-5090-2720-0}
}

@article{gottschlag2018mechanism,
  title={Mechanism to Mitigate AVX-Induced Frequency Reduction},
  author={Gottschlag, Mathias and Bellosa, Frank},
  journal={arXiv preprint arXiv:1901.04982},
  year={2018}
}

@article{SULYOK201950,
title = {{Locality Optimized Unstructured Mesh Algorithms on GPUs}},
journal = {Journal of Parallel and Distributed Computing},
volume = {134},
pages = {50 - 64},
year = {2019},
issn = {0743-7315},
doi = {https://doi.org/10.1016/j.jpdc.2019.07.011},
author = {A.A. Sulyok and G.D. Balogh and I.Z. Reguly and 
G.R. Mudalige}
}

@inproceedings{Deakin2020,
author = {Deakin, Tom and McIntosh-Smith, Simon},
title = {Evaluating the Performance of HPC-Style SYCL Applications},
year = {2020},
isbn = {9781450375313},
publisher = {Association for Computing Machinery},
address = {New York, NY, USA},
doi = {10.1145/3388333.3388643},
booktitle = {Proceedings of the International Workshop on OpenCL},
articleno = {12},
numpages = {11},
keywords = {GPGPUs, SYCL, benchmarking, performance portability},
location = {Munich, Germany},
series = {IWOCL ’20}
}
